
@inproceedings{vargova_estimation_2023,
	address = {Brno, Czech republic},
	title = {Estimation of blood glucose level based on {PPG} signals measured by smart devices},
	isbn = {978-80-214-6154-3},
	url = {http://hdl.handle.net/11012/210675},
	doi = {10.13164/eeict.2023.137},
	language = {en},
	urldate = {2023-11-03},
	booktitle = {Proceedings {II} of the 29st {Conference} {STUDENT} {EEICT} 2023: {Selected} papers.},
	publisher = {Brno University of Technology, Faculty of Electrical Engineering and Communication},
	author = {Vargová, Enikö and Němcová, Andrea},
	year = {2023},
	pages = {137--140},
	file = {Full Text:C\:\\Users\\leste\\Zotero\\storage\\CUR7SCG7\\Vargová and Němcová - 2023 - Estimation of blood glucose level based on PPG sig.pdf:application/pdf},
}

@techreport{noauthor_blood_2019,
	title = {Blood {Glucose} {Meter} {Market} {Size}, {Share} and {Industry} {Analysis} by {Product} ({Continuous} {Glucose} {Monitoring} {Devices}, {Self}-{Monitoring} {Blood} {Glucose} ({SMBG}) {Systems}), {By} {Technique}  ({Invasive}, {Non}-{Invasive}), {By} {Type} ({Wearable}, {Non}-{Wearable}), {By} {Distribution} {Channel}},
	url = {https://www.fortunebusinessinsights.com/industry-reports/blood-glucose-meters-market-100770},
	institution = {Fortune Business Insights},
	month = jul,
	year = {2019},
}

@book{ali_endocrinology_2018,
	title = {Endocrinology {Handbook}},
	url = {https://imperialendo.co.uk/Bible2018.pdf},
	publisher = {Imperial College Healthcare NHS Trust},
	author = {Ali, Sarah and Jayasena, Channa and Allum, Matthew},
	year = {2018},
}

@misc{noauthor_indicator_nodate,
	title = {Indicator {Metadata} {Registry} {Details}},
	howpublished = {https://www.who.int/data/gho/indicator-metadata-registry/imr-details/2380},
	language = {en},
	urldate = {2024-03-01},
}